@article{antoniocarlos2012,
	author = "Albert Oliveras and Enric Rodr√≠guez-Carbonell",
	title = "From DPLL to CDCL SAT solvers",
	journal  = "Logic and Algebra in Computer Science",
	year  = "Fall 2009",
	doi  = {},
	url  = {http://www.cs.upc.edu/~oliveras/LAI/cdcl.pdf},
}}