@Book{ad,
	author = {Jon Kleinberg, Eva Tardos},
	title = {Algorithm Design},
	publisher = {Pearson Addison Wesley},
	year = {2006},
	edition = {1st Edition},
}